% https://truben.no/latex/bibtex/
%
%Visualization of (Multimedia) Dependencies from Big Data
@misc {mdvisualization,
author = "Caruccio, L. and Deufemia, V. and Polese, G.",
title = "Visualization of (multimedia) dependencies from big data",
journal = "Multimedia Tools and Applications",
year = "2019",
volume = "78",
number = "23",
pages = "33151-33168"
}

%Profiling relational data: A survey.
@article {profiling-relational-data,
author = "Abedjan, Z. and Golab, L. and Naumann, F.",
title = "Profiling relational data: A survey.",
journal = "VLDB Journal",
year = "2015",
pages = "557-581"
}

%DFD: Efficient functional dependency discovery.
@conference {efficient-fd-discovery,
author = "Abedjan, Z. and Schulze, P. and Naumann, F.",
title = "{DFD}: Efficient functional dependency discovery",
booktitle = "Proceedings Int. Conf. on Information and Knowl. Managemente (CIKM)",
year = "2014",
pages = "949-958"
}

%Arenas, M., Libkin, L.: A normal form for XML documents. ACM Transactions on
%Database Systems 29(1), 195–232 (2004)
@conference {xmldocuments,
author = "Arenas, M. and Libkin, L.",
title = "A normal form for {XML} documents.",
booktitle = "ACM Transactions on Database Systems",
year = "2004",
pages = "194-232"
}

%Blake, C.L., Merz, C.J.: Uci repository of machine learning databases (1998). URL
%http://www.ics.uci.edu/mlearn/MLRepository.html
@misc{ucirepository,
  title = "{UCI} repository of machine learning databases, 1998",
  author = {Blake, Catherine L and Merz, Christopher J},
  year = {1998}
}

%Bobrov, N., Birillo, A., Chernishev, G.: A survey of database dependency concepts.
%In: G. Chernishev, M. Akhin, B. Novikov, V. Itsykson (eds.) Proceedings of the 2nd
%Conference on Software Engineering and Information Management, no. 1864 in CEUR
%Workshop Proceedings. Saint Petersburg (2017)
@inproceedings {surveydatabasedependency,
author = "Bobrov, N. and Birillo, A. and Chernishev, G.",
title = "A survey of database dependency concepts",
booktitle = "Proceedings of the 2nd Conference on Software Engineering and Information Management, no. 1864 in CEUR Workshop Proceedings",
year = "2017"
}

%Bohannon, P., Fan, W., Geerts, F., Jia, X., Kementsietsidis, A.: Conditional functional
%dependencies for data cleaning. In: Proc. of the 25th International Conference on Data
%Engineering, ICDE ’07, pp. 746–755 (2007)
@inproceedings {conditionalfd4datacleaning,
author = "Bohannon, P. and Fan, W. and Geerts, F. and Jia, X. and Kementsietsidis, A.",
title = "Conditional functional dependencies for data cleaning",
booktitle = "Proceedings of the 25th International Conference on Data Engineering, ICDE",
year = "2007",
pages = "746-755"
}

%Carpendale, S.: Information visualization. In: A. Kerren, J.T. Stasko, J.D. Fekete,
%C. North (eds.) Information Visualization, chap. Evaluating Information Visualizations,
%pp. 19–45. Springer-Verlag, Berlin, Heidelberg (2008)
@incollection {informationvisualization,
author = "Carpendale, S.",
title = "Information visualization",
booktitle = "Information Visualization",
chapter = "Evaluating Information Visualizations",
publisher = "Springer-Verlag",
address = "Berlin, Heidelberg",
year = "2008",
pages = "19-45"
}

%Caruccio, L., Deufemia, V., Polese, G.: On the discovery of relaxed functional depen-
%dencies. In: Proceedings of the 20th International Database Engineering & Applications
%Symposium, IDEAS ’16, pp. 53–61 (2016)
@inproceedings {rfddiscovery,
author = "Caruccio, L. and Deufemia, V. and Polese, G.",
title = "On the discovery of relaxed functional dependencies",
booktitle = "Proceedings of the 20th International Database Engineering \& Applications Symposius, IDEAS '16",
year = "2016",
pages = "53-61"
}

%Caruccio, L., Deufemia, V., Polese, G.: Relaxed functional dependencies – A survey of
%approaches. IEEE Transactions on Knowledge and Data Engineering 28(1), 147–165 (2016)
@article {rfdsurvey,
author = "Caruccio, L. and Deufemia, V. and Polese, G.",
title = "Relaxed functional dependencies - A survey of approaches",
journal = "IEEE Transactions on Knowledge and Data Engineering 28(1)",
pages = "147-165",
year = "2016"
}

%Caruccio, L., Deufemia, V., Polese, G.: Evolutionary mining of relaxed dependencies from big data collections. In: Proceedings of the 7th International Conference on Web Intelligence, Mining and Semantics, WIMS 2017, Amantea, Italy, June 19-22, 2017, pp. 5:1–5:10 (2017)
@inproceedings {evominingrd,
author = "Caruccio, L. and Deufemia, V. and Polese, G.",
title = "Evolutionary mining of relaxed dependencies from big data collections",
booktitle = "Proceedings of the 7th International Conference on Web Intelligence, Mining and Semantics, WIMS 2017",
address = "Amantea, Italy",
month = "June, 19-22",
year = "2017",
pages = "5:1-5:10"
}

%Chang, S.K., Deufemia, V., Polese, G., Vacca, M.: A normalization framework for multimedia databases. IEEE Transactions on Knowledge and Data Engineering 19(12), 1666–1679 (2007)
@article {nomalizationframework,
author = "Chang, S.K. and Deufemia, V. and Polese, G. and Vacca, M.",
title = "A normalization framework for multimedia databases",
journal = "IEEE Transactions on Knowledge and Data Engineering 19(12)",
pages = "1666-1679",
year = "2007"
}

%Chen, F., Chiu, P., Lim, S.: Topic modeling of document metadata for visualizing collaborations over time. In: Proceedings of the 21st International Conference on Intelligent User Interfaces, IUI ’16, pp. 108–117 (2016)
@inproceedings {topicmodeling,
author = "Chen, F. and Chiu, P. and Lim, S.",
title = "Topic modeling of document metadata for visualizing collaborations over time",
booktitle = "Proceedings of the 21st International Conference on Intelligent User Interface, IUI '16",
pages = "108-117",
year = "2016"
}

%Chen, W., Xie, C., Shang, P., Peng, Q.: Visual analysis of user-driven association rule mining. Journal of Visual Languages & Computing 42, 76 – 85 (2017)
@article {chenvisualanalysis,
author = "Chen, W. and Xie, C. and Shang, P. and Peng, Q.",
title = "Visual analysis of user-driven association rule mining",
journal = "Journal of Visual Languages \& Computing 42",
pages = "76-85",
year = "2017"
}

%Chiang, F., Miller, R.J.: Discovering data quality rules. Proc. VLDB Endow. 1(1), 1166–1177 (2008)
@inproceedings {discoveringdataqualityrules,
author = "Chiang, F. and Miller, R.J.",
title = "Discovering data quality rules",
booktitle = "Proceedings of the VLDB Endow. 1(1)",
pages = "1166-1177",
year = "2008"
}

%Fan, W., Gao, H., Jia, X., Li, J., Ma, S.: Dynamic constraints for record matching. The VLDB Journal 20, 495–520 (2011)
@article {dynamicconstraints,
author = "Fan, W. and Gao, H. and Jia, X. and Li, J. and Ma, S.",
title = "Dynamic constraints for record matching",
journal = "The VLDB Journal 20",
pages = "495-520",
year = "2011"
}

%Fan, W., Geerts, F., Lakshmanan, L.V.S., Xiong, M.: Discovering conditional functional dependencies. In: Proc. of the 25th International Conference on Data Engineering, ICDE’09, pp. 1231–1234 (2009)
@inproceedings {discoveringconditionalfd,
author = "Fan, W. and Geerts, F. and Lakshmanan, L.V.S. and Xiong, M.",
title = "Discovering conditional functional dependencies",
booktitle = "Proceedings of the 25th International Conference on Data Engineering, ICDE'09",
pages = "1231-1234",
year = "2009"
}

%Flach, P.A., Savnik, I.: Database dependency discovery: A machine learning approach. AI Communication 12(3), 139–160 (1999)
@article {dbdependencydiscovery,
author = "Flach, P.A. and Savnik, I.",
title = "Database dependency discovery: A machine learning approach",
journal = "AI Communication 12(3)",
pages = "139-160",
year = "1999"
}

%Gallo, G., Longo, G., Pallottino, S., Nguyen, S.: Directed hypergraphs and applications. Discrete Applied Mathematics 42(2), 177 – 201 (1993)
@article {directedhypergraph,
author = "Gallo, G. and Longo, G. and Pallottino, S. and Nguyen, S.",
title = "Directed hypergraphs and applications",
journal = "Discrete Applied Mathematics 42(2)",
pages = "177-201",
year = "1993"
}

%Giannella, C., Robertson, E.: On approximation measures for functional dependencies. Inform. Syst. 29(6), 483–507 (2004)
@article {approx4fd,
author = "Giannella, C. and Robertson, E.",
title = "On approximation measures for functional dependencies",
journal = "Inform. Syst. 29(6)",
pages = "483-507",
year = "2004"
}

%Golab, L., Karloff, H., Korn, F., Srivastava, D., Yu, B.: On generating near-optimal tableaux for conditional functional dependencies. PVLDB 1(1), 376–390 (2008)
@article {generatingtableaux,
author = "Golab, L. and Karloff, H. and Korn, F. and Srivastava, D. and Yu, B.",
title = "On generating near-optimal tableaux for conditional functional dependencies",
journal = "PVLDB 1(1)",
pages = "376-390",
year = "2008"
}

%Hofmann, H., Siebes, A.P.J.M., Wilhelm, A.F.X.: Visualizing association rules with interactive mosaic plots. In: Proceedings of the Sixth ACM SIGKDD International Conference on Knowledge Discovery and Data Mining, KDD ’00, pp. 227–235. ACM (2000)
@inproceedings {visualassrules,
author = "Hofmann, H. and Siebes, A.P.J.M. and Wilhelm, A.F.X.",
title = "Visualizing association rules with interactive mosaic plots",
booktitle = "Proceedings of the Sixth ACM SIGKDD International Conference on Knowledge Discovery and Data Mining, KDD '00",
pages = "227-235",
year = "2000"
}

%Huhtala, Y., Kärkkäinen, J., Porkka, P., Toivonen, H.: Efficient discovery of functional and approximate dependencies using partitions. In: ICDE, pp. 392–401 (1998)
@conference {efficientdiscoveryfd,
author = "Huhtala, Y. and K{\"a}rkk{\"a}inen, J. and Porkka, P. and Toivonen, H.",
title = "Efficient discovery of functional and approximate dependencies using partitions",
booktitle = "ICDE",
pages = "392-401",
year = "1998"
}

%Huhtala, Y., K¨arkk¨ainen, J., Porkka, P., Toivonen, H.: TANE: An efficient algorithm for discovering functional and approximate dependencies. The Computer J. 42(2), 100–111 (1999)
@article {tanealgfd,
author = "Huhtala, Y. and K{\"a}rkk{\"a}inen, J. and Porkka, P. and Toivonen, H.",
title = "{TANE}: An efficient algorithm for discovering functional and approximate dependencies",
journal = "The Computer J. 42(2)",
pages = "100-111",
year = "1999"
}

%Ilyas, I.F., Markl, V., Haas, P., Brown, P., Aboulnaga, A.: CORDS: Automatic discovery of correlations and soft functional dependencies. In: Proc. of the 2004 ACM SIGMOD International Conference on Management of Data, SIGMOD ’04, pp. 647–658 (2004)
@inproceedings {cords,
author = "Ilyas, I.F. and Markl, V. and Haas, P. and Brown, P. and Aboulnaga, A.",
title = "{CORDS}: Automatic discovery of correlations and soft functional dependencies",
booktitle = "Proceedings of the 2004 ACM SIGMOD International Conference on Management of Data, SIGMOD '04",
pages = "647-658",
year = "2004"
}

%King, R., Oil, J.: Discovery of functional and approximate functional dependencies in relational databases. J. Applied Math. and Decision Sciences 7(1), 49–59 (2003)
@article {dioscoveryfdindatabase,
  title={Discovery of functional and approximate functional dependencies in relational databases},
  author={King, Ronald S. and Legendre, James J.},
  journal={Advances in Decision Sciences},
  volume={7},
  number={1},
  pages={49--59},
  year={2003},
  publisher={Hindawi}
}

%Kivinen, J., Mannila, H.: Approximate inference of functional dependencies from relations. Theor. Comput. Sci. 149(1), 129–149 (1995)
@article {approximateinferencefd,
  title={Approximate inference of functional dependencies from relations},
  author={Kivinen, J. and Mannila, H.},
  journal={Theoretical Computer Science},
  volume={149},
  number={1},
  pages={129--149},
  year={1995},
  publisher={Elsevier}
}

%Kwashie, S., Liu, J., Li, J., Ye, F.: Mining differential dependencies: A subspace clustering approach. In: Proc. of Australasian Database Conference (ADC), pp. 50–61 (2014)
@inproceedings {miningdd,
author = "Kwashie, S. and Liu, J. and Li, J. and Ye, F.",
title = "Mining differential dependencies: A subspace clustering approach",
booktitle = "Proceedings of the Australasian Database Conference (ADC)",
pages = "50-61",
year = "2014"
}

%Kwashie, S., Liu, J., Li, J., Ye, F.: Efficient discovery of differential dependencies through association rules mining. In: Proc. of Australasian Database Conference (ADC), pp. 3–15 (2015)
@inproceedings {efficientdiscoverydd,
author = "Kwashie, S. and Liu, J. and Li, J. and Ye, F.",
title = "Efficient discovery of differential dependencies through association rules mining",
booktitle = "Proceedings of the Australasian Database Conference (ADC)",
pages = "3-15",
year = "2015"
}

%Lee, M.L., Ling, T.W., Low, W.L.: Designing functional dependencies for XML. In: Proc. of the 8th International Conference on Extending Database Technology, EDBT ’02, pp. 124–141 (2002)
@inproceedings {designfs4xml,
author = "Lee, M.L. and Ling, T.W. and Low, W.L.",
title = "Designing functional dependencies for {XML}",
booktitle = "Proceedings of the 8th International Conference on Extending Database Technology, EDBT '02",
pages = "124-141",
year = "2002"
}

%Leung, C.K., Irani, P.P., Carmichael, C.L.: Wifisviz: Effective visualization of frequent itemsets. In: 2008 Eighth IEEE International Conference on Data Mining, pp. 875–880 (2008)
@conference {wifisviz,
author = "Leung, C.K. and Irani, P.P. and Carmichael, C.L.",
title = "Wifisviz: Effective visualization of frequent itemsets",
booktitle = "2008 Eighth IEEE International Conference on Data Mining",
pages = "875-880",
year = "2008"
}

%Levenshtein, V.I.: Binary codes capable of correcting deletions, insertions, and reversals. Soviet physics doklady 10(8), 707–710 (1966)
@article {binarycodes4correcting,
author = "Levenshtein, V.I.",
title = "Binary codes capable of correcting deletions, insertions, and reversals",
journal = "Soviet physics doklady 10(8)",
pages = "707-710",
year = "1966"
}

%Li, J.: On optimal rule discovery. IEEE Transactions on Knowledge and Data Engineering 18(4), 460–471 (2006)
@article {optimalrulediscovry,
author = "Li, J.",
title = "On optimal rule discovery",
journal = "IEEE Transactions on Knowledge and Data Engineering 18(4)",
pages = "460-471",
year = "2006"
}

%Liu, G., Suchitra, A., Zhang, H., Feng, M., Ng, S.K., Wong, L.: Assocexplorer: An association rule visualization system for exploratory data analysis. In: Proceedings of the 18th ACM SIGKDD International Conference on Knowledge Discovery and Data Mining, KDD ’12, pp. 1536–1539 (2012)
@inproceedings {assocexplorer,
author = "Liu, G. and Suchitra, A. and Zhang, H. and Feng, M. and Ng, S.K. and Wong, L.",
title = "Assocexplorer: An association rule visualization system for exploratory data analysis",
booktitle = "Proceedings of the 18th ACM SIGKDD International Conference on Knowledge Discovery and Data Mining, KDD '12",
pages = "1536-1539",
year = "2012"
}

%Liu, J., Li, J., Liu, C., Chen, Y.: Discover dependencies from data - A review. IEEE Transactions on Knowledge and Data Engineering 24(2), 251–264 (2012)
@article {ddiscoveryfromdata,
author = "Liu, J. and Li, J. and Liu, C. and Chen, Y.",
title = "Discover dependencies from data - A review",
journal = "IEEE Transactions on Knowledge and Data Engineering 24(2)",
pages = "251-264",
year = "2012"
}

%Lopes, S., Petit, J.M., Lakhal, L.: Efficient discovery of functional dependencies and Armstrong relations. In: Proc. Int. Conf. on Extending Database Technology (EDBT), pp. 350–364 (2000)
@inproceedings {efficientdiscoveryarmstrong,
author = "Lopes, S. and Petit, J.M. and Lakhal, L.",
title = "Efficient discovery of functional dependencies and Armstrong relations",
booktitle = "Proceedings Int. Conf. on Extending Database Technology (EDBT)",
pages = "350-364",
year = "2000"
}

%Novelli, N., Cicchetti, R.: FUN: An efficient algorithm for mining functional and embedded dependencies. In: Proc. Int. Conf. on Database Theory (ICDT), pp. 189–203 (2001)
@inproceedings {fun,
author = "Novelli, N. and Cicchetti, R.",
title = "{FUN}: An efficient algorithm for mining functional and embedded dependencies",
booktitle = "Proceedings Int. Conf. on Database Theory (ICDT)",
pages = "189-203",
year = "2001"
}

%Papenbrock, T., Bergmann, T., Finke, M., Zwiener, J., Naumann, F.: Data profiling with Metanome. Proc. of the VLDB Endowment (PVLDB) 8(12), 1860–1863 (2015)
@article {dataprofilingwithmetanome,
author = "Papenbrock, T. and Bergmann, T. and Finke, M. and Zwiener, J. and Naumann, F.",
title = "Data profiling with {Metanome}",
journal = "Proceedings of the VLDB Endowment (PVLDB) 8(12)",
pages = "1860-1863",
year = "2015"
}

%Raju, K.V.S.V.N., Majumdar, A.K.: Fuzzy functional dependencies and lossless join decomposition of fuzzy relational database systems. ACM Transactions on Database Systems 13(2), 129–166 (1988)
@article {ffdandlljoin,
author = "Raju, K.V.S.V.N. and Majumdar, A.K.",
title = "Fuzzy functional dependencies and lossless join decomposition of fuzzy relational database systems",
journal = "ACM Transactions on Database Systems 13(2)",
pages = "129-166",
year = "1988"
}

%Sekhavat, Y.A., Hoeber, O.: Visualizing association rules using linked matrix, graph, and detail views. International Journal of Intelligence Science 3, 34–49 (2013)
@article {visualassrulesusingmatrix,
author = "Sekhavat, Y.A. and Hoeber, O.",
title = "Visualizing association rules using linked matrix, graph, and detail views",
journal = "International Journal of Intelligence Science 3",
pages = "34-49",
year = "2013"
}

%Shneiderman, B., Plaisant, C.: Strategies for evaluating information visualization tools: Multi-dimensional in-depth long-term case studies. In: Proceedings of the 2006 AVI Workshop on BEyond Time and Errors: Novel Evaluation Methods for Information Visualization, BELIV ’06, pp. 1–7. ACM, New York, NY, USA (2006)
@inproceedings {strategies4evaluatinginfo,
author = "Shneiderman, B. and Plaisant, C.",
title = "Strategies for evaluating information visualization tools: Multi-dimensional in-depth long-term case studies",
booktitle = "Proceedings of the 2006 AVI Workshop on BEyond Time and Errors: Novel Evaluation Methods for Information Visualization, BELIV '06",
pages = "1-7",
address = "ACM, New York, NY, USA",
year = "2006"
}

%Song, S., Chen, L.: Differential dependencies: Reasoning and discovery. ACM Transactions on Database Systems 36, 16:1–16:41 (2011)
@article {differentialdependencies,
author = "Song, S. and Chen, L.",
title = "Differential dependencies: Reasoning and discovery",
journal = "ACM Transactions on Database Systems 36",
pages = "16:1-16:41",
year = "2011"
}

%Song, S., Chen, L.: Efficient discovery of similarity constraints for matching dependencies. Data and Knowledge Engineering (DKE) 87, 146–166 (2013)
@article {efficientdiscoveryofsimilarity,
author = "Song, S. and Chen, L.",
title = "Efficient discovery of similarity constraints for matching dependencies",
journal = "Data and Knowledge Engineering (DKE) 87",
pages = "146-166",
year = "2013"
}

%Song, S., Chen, L., Cheng, H.: Efficient determination of distance thresholds for differential dependencies. IEEE Transactions on Knowledge and Data Engineering 26(9), 2179–2192 (2014)
@article {efficientdeterminationofdistance4dd,
author = "Song, S. and Chen, L. and Cheng, H.",
title = "Efficient determination of distance thresholds for differential dependencies",
journal = "IEEE Transactions on Knowledge and Data Engineering 26(9)",
pages = "2179-2192",
year = "2014"
}

%Sugibuchi, T., Spyratos, N., Siminenko, E.: A framework to analyze information visualization based on the functional data model. In: 13th International Conference Information Visualisation, pp. 18–24 (2009)
@conference {frameworktoanalyzeinfo,
author = "Sugibuchi, T. and Spyratos, N. and Siminenko, E.",
title = "A framework to analyze information visualization based on the functional data model",
booktitle = "13th International Conference Information Visualisation",
pages = "18-24",
year = "2009"
}

%Vianu, V.: Dynamic functional dependencies and database aging. Journal of the ACM 34(1), 28–59 (1987)
@article {dynamicfdanddbaging,
author = "Vianu, V.",
title = "Dynamic functional dependencies and database aging",
journal = "Journal of the ACM 34(1)",
pages = "28-59",
year = "1987"
}

%Wang, Y., Song, S., Chen, L., Yu, J.X., Cheng, H.: Discovering conditional matching rules. ACM Transactions on Knowledge Discovery from Data (TKDD) 11(4), 46 (2017)
@article {discoveringconditionalmatchingrules,
author = "Wang, Y. and Song, S. and Chen, L. and Yu, J.X. and Cheng, H.",
title = "Discovering conditional matching rules",
journal = "ACM Transactions on Knowledge Discovery from Data (TKDD) 11(4)",
pages = "46",
year = "2017"
}

%Wyss, C., Giannella, C., Robertson, E.: FastFDs: A heuristic-driven, depth-first algorithm for mining functional dependencies from relation instances. In: Proc. Int. Conf. on Data Warehousing and Knowl. Discovery (DaWaK), pp. 101–110 (2001)
@inproceedings {fastfds,
author = "Wyss, C. and Giannella, C. and Robertson, E.",
title = "{FastFDs}: A heuristic-driven, depth-first algorithm for mining functional dependencies from relation instances",
booktitle = "Proceedings Int. Conf. on Data Warehousing and Knowl. Discovery (DaWaK)",
pages = "101-110",
year = "2001"
}

%Xie, C., Chen, W., Huang, X., Hu, Y., Barlowe, S., Yang, J.: Vaet: A visual analytics approach for e-transactions time-series. IEEE Transactions on Visualization and Computer Graphics 20(12), 1743–1752 (2014)
@article {vaet,
author = "Xie, C. and Chen, W. and Huang, X. and Hu, Y. and Barlowe, S. and Yang, J.",
title = "Vaet: A visual analytics approach for e-transactions time-series",
journal = "IEEE Transactions on Visualization and Computer Graphics 20(12)",
pages = "1743-1752",
year = "2014"
}

%Yao, H., Hamilton, H.J., Butz, C.J.: FD Mine: Discovering functional dependencies in a database using equivalences. In: Proceedings of the International Conference on Data Mining, pp. 729–732 (2002)
@inproceedings {fdmine,
author = "Yao, H. and Hamilton, H.J. and Butz, C.J.",
title = "{FD Mine}: Discovering functional dependencies in a database using equivalences",
booktitle = "Proceedings of the International Conference on Data Mining",
pages = "729-732",
year = "2002"
}

%Node.Js
@misc {nodejs,
author = "Node.Js Foundation",
title = "Node.js",
note = {\url{https://nodejs.org/it/about/}},
year = "2019"
}

%TypeScript
@misc {typescript,
author = "Microsoft",
title = "TypeScript",
note = {\url{https://www.typescriptlang.org/}},
year = "2019"
}

%Ionic
@misc {ionic,
author = "Lynch, M. and Sperry, B. and Bradley, A.",
title = "Ionic {F}ramework",
note = {\url{https://ionicframework.com/docs/intro}},
year = "2019"
}

%Angular
@misc {angular,
author = "Google",
title = "Angular",
note = {\url{https://angular.io/}},
year = "2019"
}

%D3.js
@misc {d3js,
author = "Bostock, M. and Heer, J. and Ogievetsky, V.",
title = "D3.js",
note = {\url{https://d3js.org/}},
year = "2019"
}